% INTRODUCTION

@article{Hutmacher2019,
	author = {Fabian Hutmacher},
	doi = {10.3389/fpsyg.2019.02246},
	issn = {1664-1078},
	journal = {Frontiers in Psychology},
	title = {{Why Is There So Much More Research on Vision Than on Any Other Sensory Modality?}},
	volume = {10},
	year = {2019},
}

@inbook{Bogunovic2019a,
	author = {Hrvoje Bogunović and Wolf-Dieter Vogl and Sebastian M Waldstein and Ursula Schmidt-Erfurth},
	doi = {10.1016/B978-0-08-102816-2.00015-0},
	editor = {Emanuele Trucco and Tom MacGillivray and Yanwu Xu},
	isbn = {978-0-08-102816-2},
	journal = {Computational Retinal Image Analysis},
	keywords = {Anti-VEGF,Image classification,Image segmentation,Optical coherence tomography,Retina},
	pages = {273-298},
	publisher = {Academic Press},
	title = {{Chapter 14 - {OCT} fluid detection and quantification}},
	year = {2019},
}

@article{Mitchell2018,
	author = {Paul Mitchell and Gerald Liew and Bamini Gopinath and Tien Y Wong},
	doi = {10.1016/S0140-6736(18)31550-2},
	issn = {0140-6736},
	issue = {10153},
	journal = {The Lancet},
	month = {9},
	pages = {1147-1159},
	publisher = {Elsevier},
	title = {{Age-related macular degeneration}},
	volume = {392},
	year = {2018},
}

@article{Lim2012,
	author = {Laurence S Lim and Paul Mitchell and Johanna M Seddon and Frank G Holz and Tien Y Wong},
	doi = {10.1016/S0140-6736(12)60282-7},
	issn = {0140-6736},
	issue = {9827},
	journal = {The Lancet},
	pages = {1728-1738},
	title = {{Age-related macular degeneration}},
	volume = {379},
	year = {2012},
}

@article{Musat2015,
	author = {Ovidiu Musat and Corina Cernat and Mahdi Labib and Andreea Gheorghe and Oana Toma and Madalina Zamfir and Ana
	Maria Boureanu},
	city = {Romania},
	issue = {3},
	journal = {Rom J Ophthalmol},
	month = {7},
	pages = {133-136},
	pmid = {26978879},
	title = {{Diabetic Macular Edema}},
	volume = {59},
	year = {2015}
}

@article{Bhagat2009,
	author = {Neelakshi Bhagat and Ruben A Grigorian and Arthur Tutela and Marco A Zarbin},
	doi = {10.1016/j.survophthal.2008.10.001},
	issn = {0039-6257},
	issue = {1},
	journal = {Survey of Ophthalmology},
	keywords = {AGEs,OCT,PEDF,PKC,RAGE,VEGF,angiotensin II,blood retinal barrier,clinically significant macular edema,diabetic macular edema,intravitreal steroid injection,laser photocoagulation,leukostasis,micropulse sub-threshold laser,retinal thickness analyzer,steroids,vasoactive factors,vitrectomy,vitreoretinal interface},
	pages = {1-32},
	title = {{Diabetic Macular Edema: Pathogenesis and Treatment}},
	volume = {54},
	year = {2009},
}

@inbook{Bandello2019,
	author = {Francesco Bandello and Rosangela Lattanzio and Ilaria Zucchiatti and Alessandro Arrigo and Marco Battista and Maria Vittoria Cicinelli},
	city = {Cham},
	doi = {10.1007/978-3-319-96157-6_3},
	editor = {Marco Attilio
	and Lattanzio Rosangela
	and Zucchiatti Ilaria Bandello Francesco
	and Zarbin},
	isbn = {978-3-319-96157-6},
	journal = {Clinical Strategies in the Management of Diabetic Retinopathy: A Step-by-Step Guide for Ophthalmologists},
	pages = {97-183},
	publisher = {Springer International Publishing},
	title = {{Diabetic Macular Edema}},
	year = {2019},
}

@article{Almonte2020,
	author = {Melanie Almonte and Pamela Capellàn and Timothy Yap and M Francesca Cordeiro},
	doi = {10.1177/2040622320905215},
	journal = {Therapeutic Advances in Chronic Disease},
	month = {12},
	pages = {204062232090521},
	title = {{Retinal correlates of psychiatric disorders}},
	volume = {11},
	year = {2020},
}

@article{Wong2010,
	author = {Tien Y Wong and Ingrid U Scott},
	doi = {10.1056/NEJMcp1003934},
	issue = {22},
	journal = {New England Journal of Medicine},
	pages = {2135-2144},
	title = {{Retinal-Vein Occlusion}},
	volume = {363},
	year = {2010},
}

@article{Huang1991,
	author = {D Huang and E A Swanson and C P Lin and J S Schuman and W G Stinson and W Chang and M R Hee and T Flotte and K Gregory and C A Puliafito},
	city = {United States},
	doi = {10.1126/science.1957169},
	issue = {5035},
	journal = {Science},
	month = {11},
	pages = {1178-1181},
	title = {{Optical coherence tomography}},
	volume = {254},
	year = {1991}
}

@article{Drexler2008,
	author = {Wolfgang Drexler and James G Fujimoto},
	doi = {10.1016/j.preteyeres.2007.07.005},
	issn = {1350-9462},
	issue = {1},
	journal = {Progress in Retinal and Eye Research},
	pages = {45-88},
	title = {{State-of-the-art retinal optical coherence tomography}},
	volume = {27},
	year = {2008},
}

@article{Viedma2022,
	author = {Ignacio A Viedma and David Alonso-Caneiro and Scott A Read and Michael J Collins},
	doi = {10.1016/j.neucom.2022.08.021},
	issn = {0925-2312},
	journal = {Neurocomputing},
	keywords = {Anomaly segmentation,Deep learning,OCT,Optical coherence tomography,Retinal layer segmentation,Semantic segmentation},
	pages = {247-264},
	title = {{Deep learning in retinal optical coherence tomography ({OCT}): A comprehensive survey}},
	volume = {507},
	year = {2022},
}

@article{Jain2010,
	author = {Nieraj Jain and Sina Farsiu and Aziz A Khanifar and Srilaxmi Bearelly and R Theodore Smith and Joseph A Izatt and Cynthia A Toth},
	doi = {10.1167/iovs.09-4962},
	issn = {1552-5783},
	issue = {10},
	journal = {Investigative Ophthalmology \& Visual Science},
	month = {5},
	pages = {4875-4883},
	title = {{Quantitative Comparison of Drusen Segmented on SD-OCT versus Drusen Delineated on Color Fundus Photographs}},
	volume = {51},
	year = {2010}
}

@article{Lopez2023,
	author = {Emilio López-Varela and Noelia Barreira and Nuria Olivier Pascual and Maria Rosa Arroyo Castillo and Manuel G Penedo},
	doi = {10.1016/j.compbiomed.2023.107214},
	issn = {0010-4825},
	journal = {Computers in Biology and Medicine},
	keywords = {3D volume,Convolutional neural networks,GAN,Medical synthesis,OCT,Optical coherence tomography,Resolution increase,Slice synthesis},
	pages = {107214},
	title = {{Generation of synthetic intermediate slices in {3D} {OCT} cubes for improving pathology detection and monitoring}},
	volume = {163},
	year = {2023}
}

@article{Selvi2013,
	author = {Eşref Selvi and Merve Özdemir and M Alper Selver},
	doi = {10.3390/mca18030511},
	issn = {2297-8747},
	issue = {3},
	journal = {Mathematical and Computational Applications},
	pages = {511-520},
	title = {{Performance Analysis of Distance Transform Based Inter-Slice Similarity Information on Segmentation of Medical Image Series}},
	volume = {18},
	year = {2013},
}

% STATE-OF-THE-ART

%% FLUID SEGMENTATION

@article{Rahil2023,
	author = {M Rahil and B N Anoop and G N Girish and A R Kothari and S G Koolagudi and J Rajan},
	doi = {10.1109/ACCESS.2023.3244922},
	issn = {2169-3536},
	journal = {IEEE Access},
	pages = {17241-17251},
	title = {{A Deep Ensemble Learning-Based {CNN} Architecture for Multiclass Retinal Fluid Segmentation in {OCT} Images}},
	volume = {11},
	year = {2023},
}

@article{Hassan2021a,
	author = {Bilal Hassan and Shiyin Qin and Taimur Hassan and Ramsha Ahmed and Naoufel Werghi},
	doi = {10.1109/TIM.2021.3077988},
	journal = {IEEE Transactions on Instrumentation and Measurement},
	keywords = {Retina;Biomarkers;Imaging;Image segmentation;Databases;Training;Retinopathy;Chorioretinal biomarkers (CRBMs);deep learning;lesions segmentation;optical coherence tomography (OCT);quantification;retinal image analysis},
	pages = {1-17},
	title = {{Joint Segmentation and Quantification of Chorioretinal Biomarkers in Optical Coherence Tomography Scans: A Deep Learning Approach}},
	volume = {70},
	year = {2021},
}

@article{Zhang2023,
	author = {Haoran Zhang and Jianlong Yang and Ce Zheng and Shiqing Zhao and Aili Zhang},
	doi = {10.1364/BOE.486276},
	issue = {7},
	journal = {Biomed. Opt. Express},
	keywords = {Deep learning; High throughput optics; Machine vision; Neural networks; Segmentation; Spatial resolution},
	month = {7},
	pages = {3294-3307},
	publisher = {Optica Publishing Group},
	title = {{Annotation-efficient learning for {OCT} segmentation}},
	volume = {14},
	year = {2023},
}

@article{Sappa2021,
	author = {Loza Bekalo Sappa and Idowu Paul Okuwobi and Mingchao Li and Yuhan Zhang and Sha Xie and Songtao Yuan and Qiang Chen},
	doi = {10.1007/s10278-021-00459-w},
	issn = {1618-727X},
	issue = {3},
	journal = {Journal of Digital Imaging},
	pages = {691-704},
	title = {{{RetFluidNet}: Retinal Fluid Segmentation for {SD-OCT} Images Using Convolutional Neural Network}},
	volume = {34},
	year = {2021},
}

@article{Xing2022,
	author = {Gang Xing and Li Chen and Hualin Wang and Jiong Zhang and Dongke Sun and Feng Xu and Jianqin Lei and Xiayu Xu},
	doi = {10.1109/TMI.2022.3142048},
	issue = {6},
	journal = {IEEE Transactions on Medical Imaging},
	keywords = {Fluids;Lesions;Retina;Image segmentation;Shape;Loss measurement;Pathology;Image segmentation;loss function;optical coherence tomography;pathological fluid},
	pages = {1547-1559},
	title = {{Multi-Scale Pathological Fluid Segmentation in {OCT} With a Novel Curvature Loss in Convolutional Neural Network}},
	volume = {41},
	year = {2022},
}

@article{Tang2022,
	author = {Wei Tang and Yanqing Ye and Xinjian Chen and Fei Shi and Dehui Xiang and Zhongyue Chen and Weifang Zhu},
	doi = {10.1088/1361-6560/ac7378},
	issue = {12},
	journal = {Physics in Medicine \& Biology},
	month = {6},
	pages = {125018},
	publisher = {IOP Publishing},
	title = {{Multi-class retinal fluid joint segmentation based on cascaded convolutional neural networks}},
	volume = {67},
	year = {2022},
}

@article{Padilla2022,
	author = {Fabio Daniel Padilla-Pantoja and Yeison D Sanchez and Bernardo Alfonso Quijano-Nieto and Oscar J Perdomo and Fabio A Gonzalez},
	doi = {10.1167/tvst.11.9.29},
	issn = {2164-2591},
	issue = {9},
	journal = {Translational Vision Science \& Technology},
	month = {9},
	pages = {29},
	title = {{Etiology of Macular Edema Defined by Deep Learning in Optical Coherence Tomography Scans}},
	volume = {11},
	year = {2022},
}

@article{Hu2019,
	author = {Junjie Hu and Yuanyuan Chen and Zhang Yi},
	doi = {10.1016/j.media.2019.05.002},
	issn = {1361-8415},
	journal = {Medical Image Analysis},
	keywords = {Atrous convolution,Deep neural networks,Macular edema segmentation},
	pages = {216-227},
	title = {{Automated segmentation of macular edema in OCT using deep neural networks}},
	volume = {55},
	year = {2019},
}

@article{Mantel2021,
	author = {Irmela Mantel and Agata Mosinska and Ciara Bergin and Maria Sole Polito and Jacopo Guidotti and Stefanos Apostolopoulos and Carlos Ciller and Sandro De Zanet},
	doi = {10.1167/tvst.10.4.17},
	issn = {2164-2591},
	issue = {4},
	journal = {Translational Vision Science \& Technology},
	month = {4},
	pages = {17},
	title = {{Automated Quantification of Pathological Fluids in Neovascular Age-Related Macular Degeneration, and Its Repeatability Using Deep Learning}},
	volume = {10},
	year = {2021},
}

@article{Quek2022,
	author = {Ten Cheer Quek and Kengo Takahashi and Hyun Goo Kang and Sahil Thakur and Mihir Deshmukh and Rachel Marjorie Wei Wen Tseng and Helen Nguyen and Yih-Chung Tham and Tyler Hyungtaek Rim and Sung Soo Kim and Yasuo Yanagi and Gerald Liew and Ching-Yu Cheng},
	doi = {10.1007/s13167-022-00301-5},
	issn = {1878-5085},
	issue = {4},
	journal = {EPMA Journal},
	pages = {547-560},
	title = {{Predictive, preventive, and personalized management of retinal fluid via computer-aided detection app for optical coherence tomography scans}},
	volume = {13},
	year = {2022},
}

@article{Wang2021,
	author = {Zhenhua Wang and Yuanfu Zhong and Mudi Yao and Yan Ma and Wenping Zhang and Chaopeng Li and Zhifu Tao and Qin Jiang and Biao Yan},
	doi = {10.1038/s41598-021-92458-8},
	issn = {2045-2322},
	issue = {1},
	journal = {Scientific Reports},
	pages = {13392},
	title = {{Automated segmentation of macular edema for the diagnosis of ocular disease using deep learning method}},
	volume = {11},
	year = {2021},
}

@article{Pawan2021,
	author = {S J Pawan and Rahul Sankar and Anubhav Jain and Mahir Jain and D V Darshan and B N Anoop and Abhishek R Kothari and M Venkatesan and Jeny Rajan},
	doi = {10.1007/s11517-021-02364-4},
	issn = {1741-0444},
	issue = {6},
	journal = {Medical \& Biological Engineering \& Computing},
	pages = {1245-1259},
	title = {{Capsule Network–based architectures for the segmentation of sub-retinal serous fluid in optical coherence tomography images of central serous chorioretinopathy}},
	volume = {59},
	year = {2021},
}

@article{Liu2024,
	author = {Hui Liu and Wenteng Gao and Lei Yang and Di Wu and Dehan Zhao and Kun Chen and Jicheng Liu and Yu Ye and Ronald X Xu and Mingzhai Sun},
	doi = {10.1016/j.compbiomed.2024.108458},
	issn = {0010-4825},
	journal = {Computers in Biology and Medicine},
	keywords = {Cross-Transformer,Macular edema,OCT,Semantic uncertainty},
	pages = {108458},
	title = {{{Semantic} uncertainty {Guided} {Cross-Transformer} for enhanced macular edema segmentation in {OCT} images}},
	volume = {174},
	year = {2024},
}

@article{Li2023,
	author = {Xiaohui Li and Sijie Niu and Xizhan Gao and Xueying Zhou and Jiwen Dong and Hui Zhao},
	doi = {10.1016/j.compbiomed.2023.106650},
	issn = {0010-4825},
	journal = {Computers in Biology and Medicine},
	keywords = {Adversarial transfer learning,Medical image segmentation,Optical coherence tomography,Self-training,Unsupervised domain adaptation},
	pages = {106650},
	title = {{Self-training adversarial learning for cross-domain retinal {OCT} fluid segmentation}},
	volume = {155},
	year = {2023},
}

@article{Liu2021,
	author = {Xiaoming Liu and Shaocheng Wang and Ying Zhang and Dong Liu and Wei Hu},
	doi = {10.1016/j.neucom.2020.07.143},
	issn = {0925-2312},
	journal = {Neurocomputing},
	keywords = {Attention mechanism,Deep learning,Fluid region segmentation,Medical image segmentation,Optical coherence tomography,U-Net},
	pages = {576-591},
	title = {{Automatic fluid segmentation in retinal optical coherence tomography images using attention based deep learning}},
	volume = {452},
	year = {2021},
}

@article{Guo2020,
	author = {Yukun Guo and Tristan T Hormel and Honglian Xiong and Jie Wang and Thomas S Hwang and Yali Jia},
	doi = {10.1167/tvst.9.2.54},
	issn = {2164-2591},
	issue = {2},
	journal = {Translational Vision Science \& Technology},
	month = {10},
	pages = {54},
	title = {{Automated Segmentation of Retinal Fluid Volumes From Structural and Angiographic Optical Coherence Tomography Using Deep Learning}},
	volume = {9},
	year = {2020},
}

@article{Gao2019,
	author = {Kun Gao and Sijie Niu and Zexuan Ji and Menglin Wu and Qiang Chen and Rongbin Xu and Songtao Yuan and Wen Fan and Yuehui Chen and Jiwen Dong},
	doi = {10.1016/j.cmpb.2019.04.027},
	issn = {0169-2607},
	journal = {Computer Methods and Programs in Biomedicine},
	keywords = {Central serous chorioretinopathy,Double-branched and area-constraint fully convolutional networks,Medical image segmentation,Spectral domain optical coherence tomography},
	pages = {69-80},
	title = {{Double-branched and area-constraint fully convolutional networks for automated serous retinal detachment segmentation in {SD-OCT} images}},
	volume = {176},
	year = {2019},
}

@article{Wu2023,
	author = {Yue Wu and Abraham Olvera-Barrios and Ryan Yanagihara and Timothy-Paul H Kung and Randy Lu and Irene Leung and Amit V Mishra and Hanan Nussinovitch and Gabriela Grimaldi and Marian Blazes and Cecilia S Lee and Catherine Egan and Adnan Tufail and Aaron Y Lee},
	doi = {10.1016/j.ophtha.2022.09.014},
	issn = {0161-6420},
	issue = {2},
	journal = {Ophthalmology},
	keywords = {Cross-domain learning,Macula,OCT,Retina,Unsupervised learning},
	pages = {213-222},
	title = {{Training Deep Learning Models to Work on Multiple Devices by Cross-Domain Learning with No Additional Annotations}},
	volume = {130},
	year = {2023},
}

@article{Hassan2021b,
	author = {Bilal Hassan and Shiyin Qin and Ramsha Ahmed and Taimur Hassan and Abdel Hakeem Taguri and Shahrukh Hashmi and Naoufel Werghi},
	doi = {10.1016/j.compbiomed.2021.104727},
	issn = {0010-4825},
	journal = {Computers in Biology and Medicine},
	keywords = {Deep learning,Lesions detection,Medical image analysis,Optical coherence tomography (OCT),Radiomics,Retinal fluids segmentation},
	pages = {104727},
	title = {{Deep learning based joint segmentation and characterization of multi-class retinal fluid lesions on {OCT} scans for clinical use in anti-{VEGF} therapy}},
	volume = {136},
	year = {2021},
}

@article{Lu2019,
	author = {Donghuan Lu and Morgan Heisler and Sieun Lee and Gavin Weiguang Ding and Eduardo Navajas and Marinko V Sarunic and Mirza Faisal Beg},
	doi = {10.1016/j.media.2019.02.011},
	issn = {1361-8415},
	journal = {Medical Image Analysis},
	keywords = {Fully convolutional network,Multiclass segmentation and detection,Optical coherence tomography,Retinal fluid},
	pages = {100-110},
	title = {{Deep-learning based multiclass retinal fluid segmentation and detection in optical coherence tomography images using a fully convolutional neural network}},
	volume = {54},
	year = {2019},
}

@inproceedings{Ronneberger2015,
	author = {Olaf Ronneberger and Philipp Fischer and Thomas Brox},
	city = {Cham},
	doi = {10.1007/978-3-319-24574-4_28},
	editor = {Nassir Navab and Joachim Hornegger and William M Wells and Alejandro F Frangi},
	isbn = {978-3-319-24574-4},
	booktitle = {Medical Image Computing and Computer-Assisted Intervention – MICCAI 2015},
	pages = {234-241},
	publisher = {Springer International Publishing},
	title = {{U-Net: Convolutional Networks for Biomedical Image Segmentation}},
	year = {2015}
}


@article{LChen2018,
	author = {Liang-Chieh Chen and George Papandreou and Iasonas Kokkinos and Kevin Murphy and Alan L Yuille},
	doi = {10.1109/TPAMI.2017.2699184},
	issue = {4},
	journal = {IEEE Transactions on Pattern Analysis and Machine Intelligence},
	keywords = {Convolution;Image segmentation;Semantics;Image resolution;Computational modeling;Neural networks;Context;Convolutional neural networks;semantic segmentation;atrous convolution;conditional random fields},
	pages = {834-848},
	title = {{{DeepLab}: Semantic Image Segmentation with Deep Convolutional Nets, Atrous Convolution, and Fully Connected {CRFs}}},
	volume = {40},
	year = {2018},
}

@article{Simonyan2014,
	author = {Karen Simonyan and Andrew Zisserman},
	doi = {10.48550/arXiv.1409.1556},
	journal = {arXiv e-prints},
	keywords = {Computer Science - Computer Vision and Pattern Recognition},
	month = {9},
	pages = {arXiv:1409.1556},
	title = {{Very Deep Convolutional Networks for Large-Scale Image Recognition}},
	year = {2014},
}

%% INTERMEDIATE SLICE SYNTHESIS

@article{Ibrahim2024,
	author = {Mahmoud Ibrahim and Yasmina Al Khalil and Sina Amirrajab and Chang Sun and Marcel Breeuwer and Josien Pluim and Bart Elen and Gokhan Ertaylan and Michel Dumontier},
	doi = {10.48550/arXiv.2407.00116},
	journal = {arXiv e-prints},
	keywords = {Computer Science - Artificial Intelligence,Computer Science - Machine Learning},
	month = {6},
	pages = {arXiv:2407.00116},
	title = {{Generative {AI} for Synthetic Data Across Multiple Medical Modalities: A Systematic Review of Recent Developments and Challenges}},
	year = {2024},
}

@article{Zhang2024,
	author = {Huiting Zhang and Xiaotang Yang and Yanfen Cui and Qiang Wang and Jumin Zhao and Dengao Li},
	doi = {10.1016/j.cmpb.2024.108426},
	issn = {0169-2607},
	journal = {Computer Methods and Programs in Biomedicine},
	keywords = {Depth information,Generative Adversarial Networks,Magnetic resonance image,Rectal cancer,Super-resolution,Three-axis mutual supervision},
	pages = {108426},
	title = {{A novel {GAN}-based three-axis mutually supervised super-resolution reconstruction method for rectal cancer {MR} image}},
	volume = {257},
	year = {2024},
}

@inproceedings{Peng2020,
	author = {Cheng Peng and Wei-An Lin and Haofu Liao and Rama Chellappa and S Kevin Zhou},
	doi = {10.48550/arXiv.2001.00704},
	booktitle = {Proceedings of the IEEE/CVF Conference on Computer Vision and Pattern Recognition (CVPR)},
	month = {6},
	title = {{SAINT: Spatially Aware Interpolation NeTwork for Medical Slice Synthesis}},
	year = {2020}
}

@article{Georgescu2020,
	author = {Mariana-Iuliana Georgescu and Radu Tudor Ionescu and Nicolae Verga},
	doi = {10.1109/ACCESS.2020.2980266},
	journal = {IEEE Access},
	keywords = {Image resolution;Three-dimensional displays;Computed tomography;Magnetic resonance imaging;Convolutional neural networks;Convolutional codes;Standards;Convolutional neural networks;single-image super-resolution;CT~images;MRI images;medical image super-resolution},
	pages = {49112-49124},
	title = {{Convolutional Neural Networks With Intermediate Loss for 3D Super-Resolution of CT and MRI Scans}},
	volume = {8},
	year = {2020},
}

@article{Nishimoto2024,
	author = {Soh Nishimoto and Kenichiro Kawai and Koyo Nakajima and Hisako Ishise and Masao Kakibuchi},
	doi = {10.1101/2024.05.08.24307089},
	journal = {medRxiv},
	month = {1},
	pages = {2024.05.08.24307089},
	title = {{Generating intermediate slices with U-nets in craniofacial CT images}},
	year = {2024},
}

@article{You2020,
	author = {Chenyu You and Guang Li and Yi Zhang and Xiaoliu Zhang and Hongming Shan and Mengzhou Li and Shenghong Ju and Zhen Zhao and Zhuiyang Zhang and Wenxiang Cong and Michael W Vannier and Punam K Saha and Eric A Hoffman and Ge Wang},
	doi = {10.1109/TMI.2019.2922960},
	issue = {1},
	journal = {IEEE Transactions on Medical Imaging},
	keywords = {Computed tomography;Gallium nitride;Image resolution;Generative adversarial networks;Image reconstruction;Training;Computed tomography (CT);super-resolution;noise reduction;deep learning;adversarial learning;residual learning},
	pages = {188-203},
	title = {{{CT} Super-Resolution {GAN} {Constrained} by the {Identical}, {Residual}, and {Cycle} {Learning} {Ensemble} ({GAN-CIRCLE})}},
	volume = {39},
	year = {2020},
}

@article{Xia2021,
	author = {Yan Xia and Nishant Ravikumar and John P Greenwood and Stefan Neubauer and Steffen E Petersen and Alejandro F Frangi},
	doi = {10.1016/j.media.2021.102037},
	issn = {1361-8415},
	journal = {Medical Image Analysis},
	keywords = {Cardiac MRI,Conditional batch normalisation,Conditional generative adversarial net,Deep learning,Optical flow,Super-resolution},
	pages = {102037},
	title = {{Super-Resolution of Cardiac {MR} Cine Imaging using Conditional {GANs} and Unsupervised Transfer Learning}},
	volume = {71},
	year = {2021},
}

@article{Wu2022,
	author = {Zhaotao Wu and Jia Wei and Jiabing Wang and Rui Li},
	doi = {10.1016/j.compbiomed.2022.105667},
	issn = {0010-4825},
	journal = {Computers in Biology and Medicine},
	keywords = {Deep learning,Frame interpolation,Medical image segmentation,Multi-task learning,Slice imputation},
	pages = {105667},
	title = {{Slice imputation: Multiple intermediate slices interpolation for anisotropic {3D} medical image segmentation}},
	volume = {147},
	year = {2022},
}

@inproceedings{Kudo2019,
	author = {Akira Kudo and Yoshiro Kitamura and Yuanzhong Li and Satoshi Iizuka and Edgar Simo-Serra},
	city = {Cham},
	doi = {10.1007/978-3-030-33843-5_9},
	editor = {Andreas
	and Rueckert Daniel
	and Ye Jong Chul Knoll Florian
	and Maier},
	isbn = {978-3-030-33843-5},
	booktitle = {Machine Learning for Medical Image Reconstruction},
	pages = {91-100},
	publisher = {Springer International Publishing},
	title = {{Virtual Thin Slice: 3D Conditional GAN-based Super-Resolution for CT Slice Interval}},
	year = {2019}
}

@article{Nimitha2024,
	author = {U Nimitha and P.M. Ameer},
	doi = {10.1016/j.mri.2024.04.021},
	issn = {0730-725X},
	journal = {Magnetic Resonance Imaging},
	keywords = {Deep learning,Frame interpolation,Generative adversarial networks,In-plane and out-of-plane attention,Magnetic resonance imaging,Super-resolution},
	pages = {195-209},
	title = {{{MRI} super-resolution using similarity distance and multi-scale receptive field based feature fusion {GAN} and pre-trained slice interpolation network}},
	volume = {110},
	year = {2024},
}

@inproceedings{Fang2022,
	author = {Chaowei Fang and Liang Wang and Dingwen Zhang and Jun Xu and Yixuan Yuan and Junwei Han},
	doi = {10.48550/arXiv.2112.10325},
	booktitle = {Proceedings of the IEEE/CVF Conference on Computer Vision and Pattern Recognition (CVPR)},
	month = {6},
	pages = {20677-20686},
	title = {{Incremental Cross-View Mutual Distillation for Self-Supervised Medical CT Synthesis}},
	year = {2022}
}

@article{Sanchez2018,
	author = {Irina Sanchez and Veronica Vilaplana},
	doi = {10.48550/arXiv.1812.11440},
	journal = {arXiv e-prints},
	keywords = {Computer Science - Computer Vision and Pattern Recognition,Computer Science - Machine Learning,Statistics - Machine Learning},
	month = {12},
	pages = {arXiv:1812.11440},
	title = {{Brain {MRI} super-resolution using {3D} generative adversarial networks}},
	year = {2018},
}

@inproceedings{YChen2018,
	author = {Yuhua Chen and Feng Shi and Anthony G. Christodoulou and Yibin Xie and Zhengwei Zhou and Debiao Li},
	city = {Cham},
	doi = {10.1007/978-3-030-00928-1_11},
	editor = {Alejandro F. Frangi and Julia A., Schnabel and Christos Davatzikos and Carlos Alberola-López and Gabor Fichtinger},
	isbn = {978-3-030-00928-1},
	booktitle = {Medical Image Computing and Computer Assisted Intervention – MICCAI 2018},
	pages = {91-99},
	publisher = {Springer International Publishing},
	title = {{Efficient and Accurate MRI Super-Resolution Using a Generative Adversarial Network and 3D Multi-level Densely Connected Network}},
	year = {2018}
}

@article{Zhang2022,
	author = {Kuan Zhang and Haoji Hu and Kenneth Philbrick and Gian Marco Conte and Joseph D Sobek and Pouria Rouzrokh and Bradley J Erickson},
	doi = {10.3390/tomography8020073},
	issn = {2379-139X},
	issue = {2},
	journal = {Tomography},
	pages = {905-919},
	title = {{{SOUP-GAN}: Super-Resolution {MRI} Using Generative Adversarial Networks}},
	volume = {8},
	year = {2022},
}

@article{Gambini2024,
	author = {Laura Gambini and Cian Gabbett and Luke Doolan and Lewys Jones and Jonathan N Coleman and Paddy Gilligan and Stefano Sanvito},
	doi = {10.1038/s41467-024-52260-2},
	issn = {2041-1723},
	issue = {1},
	journal = {Nature Communications},
	pages = {7962},
	title = {{Video frame interpolation neural network for 3D tomography across different length scales}},
	volume = {15},
	year = {2024}
}

@inproceedings{Huang2022,
	author = {Zhewei Huang and Tianyuan Zhang and Wen Heng and Boxin Shi and Shuchang Zhou},
	city = {Cham},
	editor = {Shai Avidan and Gabriel Brostow and Moustapha Cissé and Giovanni Maria Farinella and Tal Hassner},
	isbn = {978-3-031-19781-9},
	booktitle = {Computer Vision – ECCV 2022},
	pages = {624-642},
	publisher = {Springer Nature Switzerland},
	title = {{Real-Time Intermediate Flow Estimation for Video Frame Interpolation}},
	year = {2022},
	doi = {10.1007/978-3-031-19781-9_36}
}

@article{Tran2020,
	author = {Quang Nhat Tran and Shih-Hsuan Yang},
	doi = {10.3390/app10186245},
	issn = {2076-3417},
	issue = {18},
	journal = {Applied Sciences},
	title = {{Efficient Video Frame Interpolation Using Generative Adversarial Networks}},
	volume = {10},
	year = {2020}
}

@inproceedings{Isola2017,
	author = {Phillip Isola and Jun-Yan Zhu and Tinghui Zhou and Alexei A Efros},
	doi = {10.48550/arXiv.1611.07004},
	booktitle = {Proceedings of the IEEE Conference on Computer Vision and Pattern Recognition (CVPR)},
	month = {7},
	title = {{Image-To-Image Translation With Conditional Adversarial Networks}},
	year = {2017}
}

% METHODS

%% DATASET

@article{Chiu2015,
	author = {Stephanie J Chiu and Michael J Allingham and Priyatham S Mettu and Scott W Cousins and Joseph A Izatt and Sina Farsiu},
	doi = {10.1364/BOE.6.001172},
	issue = {4},
	journal = {Biomed. Opt. Express},
	keywords = {Image processing; Ophthalmology; Optical coherence tomography; Image enhancement; Image metrics; Image quality; Optical coherence tomography; Segmentation; Spectral domain optical coherence tomography},
	month = {4},
	pages = {1172-1194},
	publisher = {Optica Publishing Group},
	title = {{Kernel regression based segmentation of optical coherence tomography images with diabetic macular edema}},
	volume = {6},
	year = {2015},
}

@article{Rashno2017,
	author = {Abdolreza Rashno and Behzad Nazari and Dara D Koozekanani and Paul M Drayna and Saeed Sadri and Hossein Rabbani and Keshab K Parhi},
	doi = {10.1371/journal.pone.0186949},
	issue = {10},
	journal = {PLOS ONE},
	month = {12},
	pages = {1-26},
	publisher = {Public Library of Science},
	title = {{Fully-automated segmentation of fluid regions in exudative age-related macular degeneration subjects: Kernel graph cut in neutrosophic domain}},
	volume = {12},
	year = {2017},
}

@article{Rashno2018,
	author = {Abdolreza Rashno and Dara D Koozekanani and Paul M Drayna and Behzad Nazari and Saeed Sadri and Hossein Rabbani and Keshab K Parhi},
	doi = {10.1109/TBME.2017.2734058},
	issue = {5},
	journal = {IEEE Transactions on Biomedical Engineering},
	keywords = {Image segmentation;Retina;Two dimensional displays;Three-dimensional displays;Cost function;Diabetes;Signal processing algorithms;Diabetic macular edema;fluid/cyst segmentation;graph theory;neutrosophic set;optical coherence tomography},
	pages = {989-1001},
	title = {{Fully Automated Segmentation of Fluid/Cyst Regions in Optical Coherence Tomography Images With Diabetic Macular Edema Using Neutrosophic Sets and Graph Algorithms}},
	volume = {65},
	year = {2018},
}

@article{Bogunovic2019b,
	author = {Hrvoje Bogunović and Freerk Venhuizen and Sophie Klimscha and Stefanos Apostolopoulos and Alireza Bab-Hadiashar and Ulas Bagci and Mirza Faisal Beg and Loza Bekalo and Qiang Chen and Carlos Ciller and Karthik Gopinath and Amirali K Gostar and Kiwan Jeon and Zexuan Ji and Sung Ho Kang and Dara D Koozekanani and Donghuan Lu and Dustin Morley and Keshab K Parhi and Hyoung Suk Park and Abdolreza Rashno and Marinko Sarunic and Saad Shaikh and Jayanthi Sivaswamy and Ruwan Tennakoon and Shivin Yadav and Sandro De Zanet and Sebastian M Waldstein and Bianca S Gerendas and Caroline Klaver and Clara I Sánchez and Ursula Schmidt-Erfurth},
	doi = {10.1109/TMI.2019.2901398},
	issue = {8},
	journal = {IEEE Transactions on Medical Imaging},
	keywords = {Retina;Image segmentation;Diseases;Biomedical imaging;Image analysis;Fluids;Benchmark testing;Evaluation;image segmentation;image classification;optical coherence tomography;retina},
	pages = {1858-1874},
	title = {{RETOUCH: The Retinal OCT Fluid Detection and Segmentation Benchmark and Challenge}},
	volume = {38},
	year = {2019},
}

%% Experiments

@inproceedings{Tennakoon2018,
	author = {Ruwan Tennakoon and Amirali K Gostar and Reza Hoseinnezhad and Alireza Bab-Hadiashar},
	doi = {10.1109/ISBI.2018.8363842},
	booktitle = {2018 IEEE 15th International Symposium on Biomedical Imaging (ISBI 2018)},
	keywords = {Image segmentation;Retina;Training;Pathology;Biomedical imaging;Three-dimensional displays;Fluids;retinal fluid segmentation;Optical Coherence Tomography (OCT);OCT segmentation;macular edema;deep learning;GAN},
	pages = {1436-1440},
	title = {{Retinal fluid segmentation in OCT images using adversarial loss based convolutional neural networks}},
	year = {2018},
}

@article{Shamir2019,
	author = {Reuben R Shamir and Yuval Duchin and Jinyoung Kim and Guillermo Sapiro and Noam Harel},
	doi = {10.48550/arXiv.1906.11031},
	journal = {arXiv e-prints},
	keywords = {Computer Science - Computer Vision and Pattern Recognition,Electrical Engineering and Systems Science - Image and Video Processing},
	month = {6},
	pages = {arXiv:1906.11031},
	title = {{Continuous Dice Coefficient: a Method for Evaluating Probabilistic Segmentations}},
	year = {2019},
}

@inproceedings{Kingma2015,
	author = {Diederik P Kingma},
	city = {San Diego},
	doi = {10.48550/arXiv.1412.6980},
	booktitle = {{3rd International Conference for Learning Representations}},
	title = {{Adam: A method for stochastic optimization}},
	year = {2015}
}

@inproceedings{Goodfellow2014,
	author = {Ian Goodfellow and Jean Pouget-Abadie and Mehdi Mirza and Bing Xu and David Warde-Farley and Sherjil Ozair and Aaron Courville and Yoshua Bengio},
	doi = {10.48550/arXiv.1406.2661},
	editor = {Z Ghahramani and M Welling and C Cortes and N Lawrence and K Q Weinberger},
	booktitle = {Advances in Neural Information Processing Systems},
	publisher = {Curran Associates, Inc.},
	title = {{Generative Adversarial Nets}},
	volume = {27},
	year = {2014}
}

@article{Goodfellow2020,
	author = {Ian Goodfellow and Jean Pouget-Abadie and Mehdi Mirza and Bing Xu and David Warde-Farley and Sherjil Ozair and Aaron Courville and Yoshua Bengio},
	city = {New York, NY, USA},
	doi = {10.1145/3422622},
	issn = {0001-0782},
	issue = {11},
	journal = {Commun. ACM},
	month = {10},
	pages = {139-144},
	publisher = {Association for Computing Machinery},
	title = {{Generative adversarial networks}},
	volume = {63},
	year = {2020},
}

@article{Creswell2018,
	author = {Antonia Creswell and Tom White and Vincent Dumoulin and Kai Arulkumaran and Biswa Sengupta and Anil A Bharath},
	doi = {10.1109/MSP.2017.2765202},
	issue = {1},
	journal = {IEEE Signal Processing Magazine},
	keywords = {Machine learning;Generators;Training data;Data models;Convolutional codes;Image resolution;Signal resolution;Semantics},
	pages = {53-65},
	title = {{Generative Adversarial Networks: An Overview}},
	volume = {35},
	year = {2018},
}

@article{Sara2019,
	author = {Umme Sara and Morium Akter and Mohammad Shorif Uddin},
	doi = {10.4236/jcc.2019.73002},
	issue = {3},
	journal = {Journal of Computer and Communications},
	pages = {8-18},
	publisher = {Scientific Research Publishing},
	title = {{Image quality assessment through FSIM, SSIM, MSE and PSNR—a comparative study}},
	volume = {7},
	year = {2019}
}

@article{Rajkumar2016,
	author = {S Rajkumar and G Malathi},
	doi = {10.17485/ijst/2016/v9i34/96766},
	issue = {34},
	journal = {Indian J. Sci. Technol},
	pages = {1-11},
	title = {{A comparative analysis on image quality assessment for real time satellite images}},
	volume = {9},
	year = {2016}
}

@inproceedings{Wang2003,
	author = {Z Wang and Eero Simoncelli and Alan Bovik},
	doi = {10.1109/ACSSC.2003.1292216},
	isbn = {0-7803-8104-1},
	booktitle = {Conference Record of the Asilomar Conference on Signals, Systems and Computers},
	month = {5},
	pages = {1398 - 1402 Vol.2},
	title = {{Multiscale structural similarity for image quality assessment}},
	volume = {2},
	year = {2003}
}

@inproceedings{Mathieu2016,
	author = {Michael Mathieu and Camille Couprie and Yann LeCun},
	doi = {10.48550/arXiv.1511.05440},
	booktitle = {4th International Conference on Learning Representations, ICLR 2016},
	title = {{Deep multi-scale video prediction beyond mean square error}},
	year = {2016}
}
